<?xml version="1.0" encoding="UTF-8"?><record xmlns="http://www.loc.gov/MARC21/slim" xmlns:cinclude="http://apache.org/cocoon/include/1.0" xmlns:zs="http://www.loc.gov/zing/srw/">
  <leader>00433cz  a2200121n  4500</leader>
  <controlfield tag="001">n  97068811 </controlfield>
  <controlfield tag="003">DLC</controlfield>
  <controlfield tag="005">19970708142537.2</controlfield>
  <controlfield tag="008">970708n| acannaab|          |n aaa |||  </controlfield>
  <datafield tag="010" ind1=" " ind2=" ">
    <subfield code="a">n  97068811 </subfield>
  </datafield>
  <datafield tag="040" ind1=" " ind2=" ">
    <subfield code="a">DLC</subfield>
    <subfield code="c">DLC</subfield>
    <subfield code="d">DLC</subfield>
  </datafield>
  <datafield tag="100" ind1="1" ind2="0">
    <subfield code="a">PoĚlking, Hermann,</subfield>
    <subfield code="d">1926-</subfield>
  </datafield>
  <datafield tag="670" ind1=" " ind2=" ">
    <subfield code="a">50 Jahre Ruhrfestspiele Recklinghausen, c1996:</subfield>
    <subfield code="b">t.p. (Hermann PoĚlking) p. 607 (b. 2/15/1926 in Mettingen, Kreis Tecklenburg; lives in Recklinghausen; photographer)</subfield>
  </datafield>
</record>